%%
%
% ARQUIVO: refs.bib
%
% VERSÃO: 1.0
% DATA: Maio de 2016
% AUTOR: Coordenação de Trabalhos Especiais SE/8
% 
%  Arquivo bibtex com as referências usadas no documento de PFC.
%
%   é preciso ter atenção a caracteres especiais em LaTeX (p.ex. '_' deve ser '\_',
%   '\' deve ser '\backslash', etc.).
%
%   erros indicados no capítulo de Referências Bibliográficas DEVEM SER CONSERTADOS SOMENTE AQUI.
%   EVITE alterar os demais arquivos de estilo.
%
%   itens marcados como OPCIONAL, podem ser REMOVIDOS da entrada bibtex (NÃO DEIXE EM BRANCO).
%
%%

% -----
% ARTIGO EM PERIÓDICO
%
%  itens: autor; título; periódico; volume; número (OPCIONAL); páginas; ano
% -----
@article{Salles2014,
    author = {Claudio Sá de Abreu and Ronaldo Moreira Salles},
    title = {Modeling message diffusion in epidemical DTN},
    journal = {Ad Hoc Networks},
    volume = {16},
    number = {2},
    pages = {197-209},
    year = {2014}
}

% -----
% ARTIGO EM PERIÓDICO DE ACESSO ELETRÔNICO
%
%  itens: autor; título; periódico; volume; número (OPCIONAL); páginas (OPCIONAL); url; data de acesso; ano
% -----
@article{Justel2014,
    author = {Nair Abreu and Claudia Marcela Justel and Oscar Rojo and Vilmar Trevisan},
    title = {Ordering trees and graphs with few cycles by algebraic connectivity},
    journal = {Linear Algebra and its Applications},
    volume = {458},
    url = {http://www.journals.elsevier.com/linear-algebra-and-its-applications/},
    note = {31 nov. de 2015},
    year = {2014}
}

% -----
% LIVRO NO TODO
%
%  itens: autor; título; edição (OPCIONAL); local da editora (na falta, será apresentado [S.l.]);
%         editora (na falta, será apresentado [s.n.]); ano
% -----
@book{Goldschmidt2005,
	author = {Ronaldo Ribeiro Goldschmidt and Emmanuel Passos},
	title = {Data Mining: Um guia prático},
	edition = {2},
	address = {Rio de Janeiro},
	publisher = {Campus},
	pages = {476},
	year = {2005}
}

% -----
% CAPÍTULO DE LIVRO
%
%  itens: autor do capítulo; título do capítulo; autor do livro (na falta, se entende que o autor do
%         livro é o mesmo do autor do capítulo); título do livro; edição do livro (OPCIONAL);
%         local da editora do livro (na falta, será apresentado [S.l.]);
%         editora do livro (na falta, será apresentado [s.n.]); páginas; ano
% -----
@inbook{Rakocevic2014,
  author = {Veselin Rakocevic},
  title = {Clustering for networks of moving objects},
  editor = {Ivan Ganchev and Marília Curado and Andreas Kassler},
  booktitle = {Wireless networking for moving objects},
  address = {Berlim},
  publisher = {Springer International Publishing},
  pages = {70--87},
  year = {2014} 
}

% -----
% ARTIGO EM ANAIS/PROCEEDINGS
%
%  itens: autor do artigo; título do artigo; nome do evento; edição do evento;
%         nome do evento co-locado (p.ex. do Workshop ou Trilha, etc. OPCIONAL);
%         edição do evento co-locado (OPCIONAL); local do evento;
%         tipo do evento ('br' se nacional, 'intl' se internacional);
%         local da editora (na falta, será apresentado [S.l.]);
%         editora (na falta, será apresentado [s.n.]); páginas; ano
% -----
@inproceedings{Lara2014,
    author = {Patrick Lara and Ricardo Choren},
    title = {A protocol for command and control systems integration},
    booktitle = {International Conference on Enterprise Information Systems},
    edition = {16},
    series = {Workshop on Enterprise Architecture},
    number = {4},
    key = {Lisboa},
    type = {intl},
    address = {Setúbal},
    publisher = {SciTePress},
    pages = {484-489},
    year = {2014}
}

% -----
% ARTIGO EM ANAIS/PROCEEDINGS DE ACESSO ELETRÔNICO
%
%  itens: autor do artigo; título do artigo; nome do evento; edição do evento;
%         nome do evento co-locado (p.ex. do Workshop ou Trilha, etc. OPCIONAL);
%         edição do evento co-locado (OPCIONAL); local do evento;
%         tipo do evento ('br' se nacional, 'intl' se internacional);
%         local da editora (na falta, será apresentado [S.l.]);
%         editora (na falta, será apresentado [s.n.]); url; data de acesso;
%         páginas (OPCIONAL); ano
% -----
@inproceedings{Soares2013,
    author = {Monique Soares and Carla Silva and Gabriela Guedes and Jaelson Castro and Cleice Souza and Tarcisio Pereira},
    title = {Using tranformation rules to align requirements and archictectural models},
    booktitle = {Simpósio Brasileiro de Engenharia de Software},
    edition = {27},
    key = {Brasília},
    type = {br},
    address = {Porto Alegre},
    publisher = {Sociedade Brasileira de Computação},
    url = {http://cbsoft2013.unb.br/wp-content/uploads/2013/10/SBES-completo.pdf},
    note = {31 nov. de 2015},
    pages = {26--35},
    year = {2013}
}

% -----
% ANAIS/PROCEEDINGS NO TODO
%
%  itens: nome do evento; sigla do evento; edição do evento;
%         tipo do evento ('br' se nacional, 'intl' se internacional);
%         local do evento (na falta, será apresentado [S.l.]);
%         editora dos anais/proceedings (na falta, será apresentado [s.n.]);
%         url (se acesso ao documento for eletrônico, OPCIONAL); data de acesso (OPCIONAL); ano
% -----
@event{icse2015,
    key = {International Conference on Software Engineering},
    series = {ICSE},
    edition = {37},
    type = {intl},
    address = {Florença},
    publisher = {IEEE},
    url = {http://ieeexplore.ieee.org/xpl/mostRecentIssue.jsp?punumber=7174815},
    note = {31 nov. de 2015},
    year = {2015}
}

% -----
% TESE DE DOUTORADO
%
%  itens: autor; título; número de páginas (OPCIONAL); nome do curso de doutorado;
%         universidade do curso de doutorado; local da universidade do curso de doutorado;
%         url (se acesso ao documento for eletrônico, OPCIONAL); data de acesso (OPCIONAL); ano
% -----
@phdthesis{Yoko2003,
    author = {Maria Claudia Reis Cavalcanti},
    title = {Gerência de recursos científicos: Apoiando a realização de experimentos in silico},
    pages = {100},
    series = {Doutorado em Engenharia de Sistemas e Computação},
    school = {Universidade Federal do Rio de Janeiro},
    address = {Rio de Janeiro},
    year = {2003}
}

% -----
% DISSERTAÇÃO DE MESTRADO
%
%  itens: autor; título; número de páginas (OPCIONAL); nome do curso de mestrado;
%         universidade do curso de mestrado; local da universidade do curso de mestrado;
%         url (se acesso ao documento for eletrônico, OPCIONAL); data de acesso (OPCIONAL); ano
% -----
@mscthesis{Dias2013,
    author = {Gabriela Moutinho de Souza Dias},
    title = {Modelo epidemiológico SIR aplicado a redes Tolerantes a Atrasos e Desconexões},
    pages = {134},
    series = {Mestrado em Sistemas e Computação},
    school = {Instituto Militar de Engenharia},
    address = {Rio de Janeiro},
    url = {http://www.comp.ime.eb.br/images/repositorio-dissertacoes/2013-Gabriela\_Dias.pdf},
    note = {31 nov. de 2015},
    year = {2013}
}

% -----
% TRABALHO DE CONCLUSÃO DE CURSO DE GRADUAÇÃO
%
%  itens: autor; título; número de páginas (OPCIONAL); nome do curso de graduação;
%         universidade do curso de graduação; local da universidade do curso de graduação;
%         url (se acesso ao documento for eletrônico, OPCIONAL); data de acesso (OPCIONAL); ano
% -----
@ugdthesis{Araujo2015,
    author = {Arthur Fernandes Araujo and Maiara Barroso Cardoso Reinaldo},
    title = {Instalação e configuração de serviços Web para disponibilização de dados espaciais em operações militares},
    pages = {73},
    series = {Graduação em Engeharia de Computação Computação},
    school = {Instituto Militar de Engenharia},
    address = {Rio de Janeiro},
    year = {2015}
}

% -----
% RELATÓRIO TÉCNICO
%
%  itens: autor; título;
%         local da universidade/editora do relatório técnico (na falta, será apresentado [S.l.]);
%         universidade/editora do relatório técnico (na falta, será apresentado [s.n.]);
%         número de páginas (OPCIONAL); número do relatório técnico (OPCIONAL);  ano
%
%         se acesso ao relatório técnico for eletrônico, NÃO USE techreport. USE siteurl (VER ABAIXO).
% -----
@techreport{Gubitoso1992,
    author = {Mario Dorneles Gubitoso and Carlos Zara},
    title = {Máquina worm: simulador de máquinas paralelas},
    address = {São Paulo},
    publisher = {IME-USP},
    pages = {29},
    number = {Rt-Mac-8908},
    year = {1992}
}

% -----
% PÁGINA/DOCUMENTO NA WEB
%
%  itens: autor (da página da Web-ou do detentor dos direitos da página, caso não haja autor- ou do documento);
%         título (da página da Web-campo <title>- ou do documento, caso não haja campo <title>;
%         url; data de acesso; ano
% -----
@siteurl{Folha2015,
    author = {Folha de São Paulo},
    title = {Instituto Militar de Engenharia (IME) - Perfil de Universidades e Faculdades - Ranking Universitário Folha - 2015},
    url = {http://ruf.folha.uol.com.br/2015/perfil/instituto-militar-de-engenharia-ime-633.shtml},
    note = {31 nov. de 2015},
    year = {2015}
}

@siteurl{Folha2015,
    author = {Folha de São Paulo},
    title = {Instituto Militar de Engenharia (IME) - Perfil de Universidades e Faculdades - Ranking Universitário Folha - 2015},
    url = {https://developer.android.com/guide/platform/?hl=pt-br},
    note = {31 nov. de 2015},
    year = {2015}
}



% ----- FIM DO MODELO E INÍCIO DAS REFERÊNIAS DESTE PFC



@article{okabe2015,
    author = {Rogerio Kazuhiro Okabe   and Silvio Antonio Carro},
    title = {Reconhecimento facial em imagens capturadas por câmeras digitais de rede},
    journal = {Colloquium Exactarum},
    volume = {7},
    number = {1},
    pages = {106-119},
    year = {2015}
}




@inproceedings{Viola2001,
    author = {Paul Viola, Michael Jones},
    title = {Rapid Object Detection using a Boosted Cascade of Simple Features},
    booktitle = {Accepted Conference on Computer Vision and Pattern Recognition},
    edition = {2001},
    series = {},
    number = {},
    key = {},
    type = {intl},
    address = {Kauai, HI, USA},
    publisher = {IEEE},
    pages = {I511-I518},
    year = {2001}
}

@inproceedings{Dian2012,
    author = {Ligang Zhang, Dian Tjondronegoro, Vinod Chandran },
    title = {Discovering the Best Feature Extraction and Selection Algorithms for Spontaneous Facial Expression Recognition},
    booktitle = {International Conference on Multimedia and Expo},
    edition = {},
    series = {},
    number = {},
    key = {},
    type = {intl},
    address = {Queensland University of Technology, Brisbane, 4000, Australia },
    publisher = {IEEE},
    pages = {},
    year = {2012}
}

@article{varun2018,
    author = {Mrunmayee Shirodkar, Varun Sinha, Urvi Jain and Bhushan Nemade},
    title = {Automated Attendance Management System using Face Recognition},
    journal = {International Journal of Computer Applications},
    volume = {2},
    url = {https://research.ijcaonline.org/icwet2015/number2/icwet5026.pdf},
    note = {11 jul de 2018},
    year = {2015}
}

@article{Timo2006,
    author = {Timo Ahonen, Abdenour Hadid, Matti Pietikäinen},
    title = {Face Description with Local Binary Patterns: Application to Face Recognition},
    journal = {IEEE Transactions on Pattern Analysis and Machine Intelligence},
    volume = {28},
    number = {12},
    pages = {2037-2041},
    year = {2006}
}

@article{Kriti2018,
    author = {SudhaNarang, Kriti Jain, MeghaSaxena and AashnaArora},
    title = {Comparison of Face Recognition Algorithms Using Opencv for Attendance System },
    journal = {International Journal of Scientific and Research Publications},
    volume = {8},
    url = {http://www.ijsrp.org/research-paper-0218/ijsrp-p7433.pdf},
    note = {09 jul de 2018},
    year = {2018}
}

@inproceedings{Hadid2004,
    author = {Timo Ahonen, Abdenour Hadid, Matti Pietikäinen},
    title = {Face Recognition with Local Binary Patterns},
    booktitle = {Lecture Notes in Computer Science},
    edition = {3021},
    series = {European Computer Vision 2004},
    number = {},
    key = {},
    type = {intl},
    address = {PO Box 4500, FIN-90014 University of Oulu, Finland},
    publisher = {Springer},
    pages = {469-481},
    year = {2004}
}


@siteurl{openlbph2018,
    author = {Documentation Opencv},
    title = {OpenCV: cv::face::LBPHFaceRecognizer Class Reference},
    url = {https://bit.ly/2LJAlIE},
    note = {16 abr. de 2018},
    year = {2018}
}

@siteurl{open2018,
    author = {Documentation Opencv},
    title = {Haar Feature-based Cascade Classifier for Object Detection},
    url = {https://docs.opencv.org/2.4/modules/objdetect/doc/cascade\_classification.html},
    note = {16 abr. de 2018},
    year = {2018}
}

@siteurl{opengeral2018,
    author = {Documentation Opencv},
    title = {OpenCV library},
    url = {https://opencv.org/},
    note = {16 abr. de 2018},
    year = {2018}
}

@siteurl{python_org,
    author = {Python.org},
    title = {Download Python | Python.org},
    url = {https://www.python.org/downloads/},
    note = {05 jul. de 2018},
    year = {2018}
}


@siteurl{tdc2018,
    author = {Kevin Salton},
    title = {Face Recognition: Understanding LBPH Algorithm},
    url = {https://towardsdatascience.com/face-recognition-how-lbph-works-90ec258c3d6b},
    note = {28 abr. de 2018},
    year = {2018}
}

@siteurl{yales,
    author = {Yale University},
    title = {Yale Face Database},
    url = {http://cvc.cs.yale.edu/cvc/projects/yalefaces/yalefaces.html},
    note = {26 maio. de 2018},
    year = {2018}
}

@siteurl{Arubas,
    author = {Eyal Arubas},
    title = {Face Detection and Recognition (Theory and Practice)},
    url = {http://eyalarubas.com/face-detection-and-recognition.html},
    note = {20 jun. de 2018},
    year = {2013}
}


@book{PythoneOpenCV,
  author = {Felipe Barelli},
  title = {Introdução à Visão Computacional: Uma abordagem prática com Python e OpenCV},
  address = {Rio de Janeiro},
  publisher = {Casa do Código},
  year = {2009}
}


@book{NEFSE,
  author = {IME},
  title = {Normas Internas do Corpo de Alunos},
  address = {Rio de Janeiro},
  publisher = {IME},
  year = {2009}
}

@book{NICFA,
  author = {IME},
  title = {Normas internas para controle de frequência de alunos do IME},
  address = {Rio de Janeiro},
  publisher ={IME},
  pages = {14},
  year = {2009}
}
@book{pythonLTC,
	author = {Ljubomir Perkovic},
	title = {Introdução à computação usando Python: um foco no desenvolvimento de aplicações},
	edition = {1},
	address = {Rio de Janeiro},
	publisher = {LTC},
	year = {2016}
}

@book{engenhariasoftware,
  author = {Roger S. Pressman and Bruce R. Maxim},
  title = {Engenharia de software: uma abordagem profissional},
  address = {Porto Alegre},
  publisher = {AMGH Editora Ltda.},
  pages = {107--109},
  year = {2016} 
}

@siteurl{Android1,
    author = {Documentação oficial Android - Arquitetura da Plataforma},
    title = {Arquitetura da plataforma - Android Developers},
    url = {https://developer.android.com/guide/platform/?hl=pt-br},
    note = {24 de julho de 2018},
    year = {2018}
}

@siteurl{Android2,
    author = {Open Handset Alliance},
    title = {Alliance members},
    url = {https://www.openhandsetalliance.com/oha\_members.html},
    note = {24 de julho de 2018},
    year = {2018}
}

@inproceedings{,
    author = {},
    title = {},
    booktitle = {Simpósio Brasileiro de Engenharia de Software},
    edition = {27},
    key = {Brasília},
    type = {br},
    address = {Porto Alegre},
    publisher = {Sociedade Brasileira de Computação},
    url = {http://cbsoft2013.unb.br/wp-content/uploads/2013/10/SBES-completo.pdf},
    note = {31 nov. de 2015},
    pages = {26--35},
    year = {2013}
}
@siteurl{Android3,
    author = {Ricardo Romano Leonel de Souza},
    title = {Android: uma análise prática sobre a plataforma},
    url = {https://www.devmedia.com.br/android-uma-analise-pratica-sobre-a-plataforma/37603},
    note = {24 de julho de 2018},
    year = {2018}
}

@siteurl{Android4,
    author = {IDC},
    title = {Smartphone OS market share},
    url = {https://www.idc.com/promo/smartphone-market-share/os},
    note = {24 de julho de 2018},
    year = {2018}
}

@siteurl{Android5,
    author = {Android Enterprise},
    title = {Android enterprise},
    url = {https://www.android.com/enterprise/},
    note = {24 de julho de 2018},
    year = {2018}
}

@siteurl{Android6,
    author = {KANTAR},
    title = {Android vs. iOS - Smartphone OS sales market share evolution},
    url = {https://www.kantarworldpanel.com/global/smartphone-os-market-share/intro},
    note = {24 de julho de 2018},
    year = {2018}
}

@siteurl{Android7,
    author = {Documentação oficial Android - NDK},
    title = {Primeiros passos com o NDK},
    url = {https://developer.android.com/ndk/guides/},
    note = {24 de julho de 2018},
    year = {2018}
}

@siteurl{Android8,
    author = {AndroidxCommunity},
    title = {Android NDK vs Android SDK, What is the Difference?},
    url = {http://androiddeveloper.galileo.edu/2017/03/08/android-ndk-vs-android-sdk/},
    note = {24 de julho de 2018},
    year = {2018}
}

@inbook{Android9,
  author = {James F. Kurose, Keith W. Ross},
  title = {Camada de aplicação},
  editor = {James F. Kurose, Keith W. Ross},
  booktitle = {Redes de computadores e a Internet},
  address = {São Paulo},
  publisher = {Pearson Education},
  pages = {119--129},
  year = {2009} 
}

@siteurl{Android10,
    author = {Documentação oficial Android - Socket},
    title = {Socket - Android Developers},
    url = {https://developer.android.com/reference/java/net/Socket},
    note = {24 de julho de 2018},
    year = {2018}
}

@siteurl{postsql9,
    author = {Documentação oficial POSTGRESQL},
    title = {PostgreSQL: Documentation: 9.6: Release 9.6.10},
    url = {https://www.postgresql.org/docs/9.6/static/release-9-6-10.html},
    note = {2 de setembro de 2018},
    year = {2018}
}

@siteurl{postsql,
    author = {Documentação oficial POSTGRESQL},
    title = {PostgreSQL: About},
    url = {https://www.postgresql.org/about/},
    note = {2 de setembro de 2018},
    year = {2018}
}

@siteurl{pgadmin,
    author = {Documentação oficial pgAdmin III},
    title = {pgAdmin III 1.22.2 documentation},
    url = {https://www.pgadmin.org/docs/pgadmin3/1.22/},
    note = {2 de setembro de 2018},
    year = {2018}
}

@siteurl{Psycopg,
    author = {Documentação oficial Psycopg},
    title = {Psycopg – PostgreSQL database adapter for Python},
    url = {http://initd.org/psycopg/docs/},
    note = {6 de setembro de 2018},
    year = {2018}
}

@book{bezerra,
	author = {Eduardo Bezerra},
	title = {Princípios de análise e projeto de sistemas com UML},
	edition = {2},
	address = {Rio de Janeiro},
	publisher = {Elsevier},
	pages = {369},
	year = {2007}
}

@book{bd,
	author = {Ramez Elmasri and Shamkant B. Navathe},
	title = {Sistemas de Banco De Dados},
	edition = {6},
	address = {São Paulo},
	publisher = {Pearson Brasil},
	pages = {808},
	year = {2010}
}

@siteurl{brmodelo,
    author = {Carlos Henrique Cândido},
    title = {brModelo - Ferramenta de Ensino: Modelagem de Dados (MER)},
    url = {http://www.sis4.com/brModelo/},
    note = {6 de setembro de 2018},
    year = {2018}
}

@book{bdcardinalidade,
	author = {Carlo Batini and Stefano Ceri and Shamkant B. Navathe},
	title = {Conceptual Database Design: An Entity-Relationship Approach},
	edition = {1},
	address = {Redwood City},
	publisher = {Addison-Wesley},
	pages = {470},
	year = {1991}
}


@siteurl{W3,
    author = {W3Schools},
    title = {AJAX Introduction},
    url = {https://www.w3schools.com/js/js\_ajax\_intro.asp},
    note = {18 setembro de 2018},
    year = {2018}
}